<record><leader>00000cas a2200000 a 4500</leader><controlfield tag="001">8807362</controlfield><controlfield tag="008">820925d18641872iludr ne      0   a0eng  </controlfield><datafield ind1=" " ind2=" " tag="010"><subfield code="a">sn 82014064 </subfield></datafield><datafield ind1=" " ind2=" " tag="040"><subfield code="a">DLC</subfield><subfield code="b">eng</subfield><subfield code="c">DLC</subfield><subfield code="d">NPV</subfield><subfield code="d">NYG</subfield><subfield code="d">NPX</subfield><subfield code="d">NPI</subfield><subfield code="d">DLC</subfield><subfield code="d">NPA</subfield><subfield code="d">NPY</subfield><subfield code="d">NPA</subfield><subfield code="d">NPT</subfield><subfield code="d">DLC</subfield><subfield code="d">NPA</subfield><subfield code="d">MFN</subfield><subfield code="d">YOX</subfield><subfield code="d">NVF</subfield><subfield code="d">KNP</subfield><subfield code="d">NVF</subfield><subfield code="d">CNK</subfield><subfield code="d">CRL</subfield><subfield code="d">FUG</subfield><subfield code="d">NVF</subfield><subfield code="d">NVK</subfield><subfield code="d">OBN</subfield><subfield code="d">CVF</subfield><subfield code="d">OCL</subfield><subfield code="d">CVF</subfield><subfield code="d">DLC</subfield><subfield code="d">NVF</subfield><subfield code="d">NYS</subfield><subfield code="d">NVF</subfield><subfield code="d">CUI</subfield><subfield code="d">NVF</subfield><subfield code="d">DLC</subfield><subfield code="d">OCLCQ</subfield><subfield code="d">SERSO</subfield><subfield code="d">OCLCF</subfield><subfield code="d">NVF</subfield><subfield code="d">OCLCO</subfield><subfield code="d">AQM</subfield><subfield code="d">DLC</subfield></datafield><datafield ind1=" " ind2=" " tag="012"><subfield code="l">a</subfield></datafield><datafield ind1=" " ind2=" " tag="019"><subfield code="a">25846164</subfield></datafield><datafield ind1="0" ind2=" " tag="022"><subfield code="a">2572-9977</subfield><subfield code="2">1</subfield></datafield><datafield ind1="1" ind2=" " tag="029"><subfield code="a">AU@</subfield><subfield code="b">000003172636</subfield></datafield><datafield ind1=" " ind2=" " tag="042"><subfield code="a">pcc</subfield><subfield code="a">nsdp</subfield></datafield><datafield ind1=" " ind2=" " tag="043"><subfield code="a">n-us-il</subfield></datafield><datafield ind1="0" ind2="0" tag="050"><subfield code="a">Newspaper</subfield></datafield><datafield ind1=" " ind2="4" tag="050"><subfield code="a">AN</subfield></datafield><datafield ind1="1" ind2="0" tag="082"><subfield code="a">070</subfield><subfield code="2">23</subfield></datafield><datafield ind1="0" ind2=" " tag="130"><subfield code="a">Chicago tribune (Chicago, Ill. : 1864)</subfield></datafield><datafield ind1=" " ind2="0" tag="222"><subfield code="a">Chicago tribune</subfield><subfield code="b">(Chicago, Ill. 1864)</subfield></datafield><datafield ind1="1" ind2="0" tag="245"><subfield code="a">Chicago tribune.</subfield></datafield><datafield ind1="1" ind2=" " tag="246"><subfield code="i">Published as:</subfield><subfield code="a">Chicago daily tribune</subfield><subfield code="f">Feb. 19, 1866</subfield></datafield><datafield ind1=" " ind2=" " tag="260"><subfield code="a">Chicago, Ill. :</subfield><subfield code="b">Tribune Co.,</subfield><subfield code="c">1864-1872.</subfield></datafield><datafield ind1=" " ind2=" " tag="300"><subfield code="a">v.</subfield></datafield><datafield ind1=" " ind2=" " tag="310"><subfield code="a">Daily</subfield></datafield><datafield ind1="0" ind2=" " tag="362"><subfield code="a">Vol. 18, no. 47 (Aug. 21, 1864)-v. 26, no. 51 (Oct. 8, 1872).</subfield></datafield><datafield ind1=" " ind2=" " tag="500"><subfield code="a">Issue for Sunday, Aug. 21, 1864 (Vol. 18, no. 47) has history of the paper.</subfield></datafield><datafield ind1=" " ind2=" " tag="515"><subfield code="a">Continues the numbering of Chicago daily tribune (Chicago, Ill. : 1860).</subfield></datafield><datafield ind1=" " ind2=" " tag="530"><subfield code="a">Preservation microfilmed by the University of Illinois at Urbana-Champaign Library as part of the United States Newspaper Program; the years 1865-1869 (on 12 microfilm reels) are available for purchase from OCLC Preservation Service Centers.</subfield></datafield><datafield ind1=" " ind2=" " tag="580"><subfield code="a">Weekly ed.: Chicago tribune (Chicago, Ill. : Weekly), 1864-&lt;1870&gt;</subfield></datafield><datafield ind1=" " ind2="0" tag="651"><subfield code="a">Chicago (Ill.)</subfield><subfield code="v">Newspapers.</subfield></datafield><datafield ind1=" " ind2="0" tag="651"><subfield code="a">Cook County (Ill.)</subfield><subfield code="v">Newspapers.</subfield></datafield><datafield ind1=" " ind2="7" tag="651"><subfield code="a">Illinois</subfield><subfield code="z">Chicago.</subfield><subfield code="2">fast</subfield><subfield code="0">(OCoLC)fst01204048</subfield></datafield><datafield ind1=" " ind2="7" tag="651"><subfield code="a">Illinois</subfield><subfield code="z">Cook County.</subfield><subfield code="2">fast</subfield><subfield code="0">(OCoLC)fst01205334</subfield></datafield><datafield ind1=" " ind2="7" tag="655"><subfield code="a">Newspapers.</subfield><subfield code="2">fast</subfield><subfield code="0">(OCoLC)fst01423814</subfield></datafield><datafield ind1=" " ind2="7" tag="655"><subfield code="a">Newspapers.</subfield><subfield code="2">rbgenr</subfield></datafield><datafield ind1=" " ind2=" " tag="752"><subfield code="a">United States</subfield><subfield code="b">Illinois</subfield><subfield code="c">Cook</subfield><subfield code="d">Chicago.</subfield></datafield><datafield ind1="1" ind2=" " tag="775"><subfield code="t">Chicago tribune (Chicago, Ill. : Weekly)</subfield><subfield code="w">(DLC)sn 91055476</subfield><subfield code="w">(OCoLC)24997218</subfield></datafield><datafield ind1="0" ind2=" " tag="775"><subfield code="t">Chicago tribune (Chicago, Ill. : Triweekly)</subfield><subfield code="w">(DLC)sn 91055477</subfield><subfield code="w">(OCoLC)24997687</subfield></datafield><datafield ind1="0" ind2="8" tag="776"><subfield code="i">Online version:</subfield><subfield code="t">Chicago tribune (Chicago, Ill. : 1864 : Online)</subfield><subfield code="w">(DLC)  2013238210</subfield><subfield code="w">(OCoLC)137350595</subfield></datafield><datafield ind1="0" ind2="0" tag="780"><subfield code="t">Chicago daily tribune (Chicago, Ill. : 1860)</subfield><subfield code="x">2572-9888</subfield><subfield code="w">(DLC)sn 84031490</subfield><subfield code="w">(OCoLC)11019356</subfield></datafield><datafield ind1="0" ind2="0" tag="785"><subfield code="t">Chicago daily tribune (Chicago, Ill. : 1872)</subfield><subfield code="x">2572-9985</subfield><subfield code="w">(DLC)sn 84031492</subfield><subfield code="w">(OCoLC)1554151</subfield></datafield></record>